@article{chambouvet2014diverse,
  title={Diverse molecular signatures for ribosomally 'active' Perkinsea in marine sediments},
  author={Chambouvet, Aur{\'e}lie and Berney, C{\'e}dric and Romac, Sarah and Audic, St{\'e}phane and Maguire, Finlay and De Vargas, Colomban and Richards, Thomas A},
  journal={BMC microbiology},
  volume={14},
  number={1},
  pages={110},
  year={2014},
  publisher={BioMed Central Ltd}
}

@article{maguire2014organelle,
  title={Organelle Evolution: A Mosaic of ‘Mitochondrial’ Functions},
  author={Maguire, Finlay and Richards, Thomas A},
  journal={Current Biology},
  volume={24},
  number={11},
  pages={R518--R520},
  year={2014},
  publisher={Cell Press}
}

@article{maguire2014complex,
  title={Complex patterns of gene fission in the eukaryotic folate biosynthesis pathway},
  author={Maguire, Finlay and Henriquez, Fiona L and Leonard, Guy and Dacks, Joel B and Brown, Matthew W and Richards, Thomas A},
  journal={Genome biology and evolution},
  volume={6},
  number={10},
  pages={2709--2720},
  year={2014},
  publisher={Oxford University Press}
}

@article{smith2014balloon,
  title={A Balloon-Based Payload for Exposing Microorganisms in the Stratosphere (E-MIST)},
  author={Smith, David J and Thakrar, Prital J and Bharrat, Anthony E and Dokos, Adam G and Kinney, Teresa L and James, Leandro M and Lane, Michael A and Khodadad, Christina L and Maguire, Finlay and Maloney, Phillip R and others},
  journal={Gravitational and Space Research},
  volume={2},
  number={2},
  year={2014}
}

@article{chambouvet2015cryptic,
  title={Cryptic infection of a broad taxonomic and geographic diversity of tadpoles by Perkinsea protists},
  author={Chambouvet, Aur{\'e}lie and Gower, David J and Jirk{\uu}, Miloslav and Yabsley, Michael J and Davis, Andrew K and Leonard, Guy and Maguire, Finlay and Doherty-Bone, Thomas M and Bittencourt-Silva, Gabriela Bueno and Wilkinson, Mark and others},
  journal={Proceedings of the National Academy of Sciences},
  volume={112},
  number={34},
  pages={E4743--E4751},
  year={2015},
  publisher={National Acad Sciences}
}

@article{richards2015molecular,
  title={Molecular diversity and distribution of marine fungi across 130 European environmental samples},
  author={Richards, Thomas A and Leonard, Guy and Mah{\'e}, Fr{\'e}d{\'e}ric and del Campo, Javier and Romac, Sarah and Jones, Meredith DM and Maguire, Finlay and Dunthorn, Micah and De Vargas, Colomban and Massana, Ramon and others},
  journal={Proc. R. Soc. B},
  volume={282},
  number={1819},
  pages={20152243},
  year={2015},
  publisher={The Royal Society}
}

@article{leonard2018comparative,
  title={Comparative genomic analysis of the ‘pseudofungus’ Hyphochytrium catenoides},
  author={Leonard, Guy and Labarre, Aur{\'e}lie and Milner, David S and Monier, Adam and Soanes, Darren and Wideman, Jeremy G and Maguire, Finlay and Stevens, Sam and Sain, Divya and Grau-Bov{\'e}, Xavier and others},
  journal={Open biology},
  volume={8},
  number={1},
  pages={170184},
  year={2018},
  publisher={Royal Society Journals}
}
